@online{bootstrap,
title="Bootstrap",
author="Twitter Inc.",
url={https://getbootstrap.com/},
}
