@online{PHP,
title="PHP documentation",
author="The PHP group",
url={http://php.net/docs.php},
}

@online{jquery-doc,
title="JQuery documentation",
author="The JQuery foundation",
url={https://api.jquery.com},
}
